@MISC{WEBSITE:1,
	HOWPUBLISHED = "\url{https://www.tiendanube.com/blog/que-es-servicio-atencion-cliente/}",
	AUTHOR = "Tiendanube",
	TITLE = "Atención al cliente: qué es y claves para mejorar tu servicio",
	MONTH = "3",
	YEAR = "2023",
	URLDATE = {2023-07-01}
}

@MISC{WEBSITE:2,
	HOWPUBLISHED = "\url{https://www.beetrack.com/es/blog/proceso-de-servicio-al-cliente}",
	AUTHOR = "DispatchTrack",
	TITLE = "Proceso de servicio al cliente",
	MONTH = "2",
	YEAR = "2023",
	URLDATE = {2023-07-01}
}

@MISC{cxtrends,
	HOWPUBLISHED = "\url{https://cxtrends.zendesk.com/mx}",
	AUTHOR = "Zendesk",
	TITLE = "CX Trends 2023",
	MONTH = "2",
	YEAR = "2023",
	URLDATE = {2023-07-01}
}

@MISC{WEBSITE:3,
	HOWPUBLISHED = "\url{https://blog.hubspot.es/service/diferencia-servicio-cliente-y-atencion-cliente}",
	AUTHOR = "HubSpot",
	TITLE = "¿En qué se diferencian el servicio al cliente y la atención al cliente?",
	MONTH = "1",
	YEAR = "2023",
	URLDATE = {2023-07-01}
}

@MISC{WEBSITE:4,
	HOWPUBLISHED = "\url{https://blog.hubspot.es/service/que-es-atencion-al-cliente}",
	AUTHOR = "HubSpot",
	TITLE = "Qué es la atención al cliente, elementos clave e importancia",
	MONTH = "4",
	YEAR = "2023",
	URLDATE = {2023-07-01}
}

@MISC{WEBSITE:5,
	HOWPUBLISHED = "\url{https://www.zendesk.com.mx/blog/manual-de-funciones-de-servicio-al-cliente/}",
	AUTHOR = "Zendesk",
	TITLE = "Manual para un departamento de atención al cliente exitoso",
	MONTH = "4",
	YEAR = "2023",
	URLDATE = {2023-07-01}
}

@MISC{WEBSITE:6,
	HOWPUBLISHED = "\url{https://blog.hubspot.es/service/gerente-servicio-cliente}",
	AUTHOR = "HubSpot",
	TITLE = "¿Qué hace un gerente de servicio al cliente?",
	MONTH = "1",
	YEAR = "2023",
	URLDATE = {2023-07-01}
}

@MISC{WEBSITE:7,
	HOWPUBLISHED = "\url{https://blog.hubspot.es/service/proceso-atencion-cliente}",
	AUTHOR = "HubSpot",
	TITLE = "Qué es el proceso de atención al cliente y cuáles son sus fases clave",
	MONTH = "4",
	YEAR = "2023",
	URLDATE = {2023-07-01}
}

@MISC{WEBSITE:8,
	HOWPUBLISHED = "\url{https://www.zendesk.com.mx/blog/fases-del-proceso-de-atencion-al-cliente/}",
	AUTHOR = "Zendesk",
	TITLE = "Entienda lo que son las fases del proceso de atención al cliente y en que puedes ayudar tener ese proceso interno en una empresa",
	MONTH = "6",
	YEAR = "2020",
	URLDATE = {2023-07-01}
}

@MISC{WEBSITE:9,
	HOWPUBLISHED = "\url{https://blog.smart-tribune.com/en/importance-of-customer-experience}",
	AUTHOR = "Smart Tribune",
	TITLE = "The Importance of Customer Experience",
	MONTH = "9",
	YEAR = "2021",
	URLDATE = {2023-07-01}
}

@MISC{WEBSITE:10,
	HOWPUBLISHED = "\url{https://www.zendesk.com/blog/what-is-bad-customer-service/}",
	AUTHOR = "Zendesk",
	TITLE = "5 examples of bad customer service (and how to be great instead)",
	MONTH = "5",
	YEAR = "2023",
	URLDATE = {2023-07-01}
}

@MISC{WEBSITE:11,
	HOWPUBLISHED = "\url{https://www.superoffice.com/blog/customer-experience-statistics/}",
	AUTHOR = "SuperOffice",
	TITLE = "32 CUSTOMER EXPERIENCE STATISTICS YOU NEED TO KNOW FOR 2023",
	MONTH = "2",
	YEAR = "2023",
	URLDATE = {2023-07-01}
}

@MISC{WEBSITE:12,
	HOWPUBLISHED = "\url{https://blog.hubspot.es/service/mal-servicio-cliente}",
	AUTHOR = "HubSpot",
	TITLE = "8 ejemplos de mal servicio al cliente (y cómo evitarlos)",
	MONTH = "1",
	YEAR = "2023",
	URLDATE = {2023-07-02}
}

@MISC{WEBSITE:13,
	HOWPUBLISHED = "\url{https://www.zendesk.com.mx/blog/problemas-comunes-con-clientes/}",
	AUTHOR = "Zendesk",
	TITLE = "8 problemas comunes en servicio al cliente y cómo resolverlos",
	MONTH = "2",
	YEAR = "2021",
	URLDATE = {2023-07-02}
}

@MISC{WEBSITE:14,
	HOWPUBLISHED = "\url{https://piperlab.es/2023/03/29/como-hemos-llegado-hasta-chatgpt-y-el-resto-de-llms/}",
	AUTHOR = "Piperlab",
	TITLE = "Cómo hemos llegado hasta ChatGPT y el resto de LLMs",
	MONTH = "3",
	YEAR = "2023",
	URLDATE = {2023-07-02}
}

@ARTICLE{ARTICLE:1,
    AUTHOR="Yoshua Bengio and Réjean Ducharme and Pascal Vincent",
    TITLE="A Neural Probabilistic Language Model",
    YEAR="2003",
}

@ARTICLE{ARTICLE:2,
	HOWPUBLISHED = "\url{https://ronan.collobert.com/pub/matos/2008_nlp_icml.pdf}",
    AUTHOR="Ronan Collobert and Jason Weston",
    TITLE="A Unified Architecture for Natural Language Processing: Deep Neural Networks with Multitask Learning",
    YEAR="2008",
}

@ARTICLE{ARTICLE:3,
    AUTHOR="Tomas Mikolov and Greg Corrado and Kai Chen and Jeffrey Dean",
    TITLE="Efficient Estimation of Word Representations in Vector Space",
    YEAR="2013",
}

@ARTICLE{ARTICLE:4,
    AUTHOR="Jeffrey Pennington and Richard Socher and Christopher D. Manning",
    TITLE="GloVe: Global Vectors for Word Representation",
    YEAR="2014",
}

@ARTICLE{ARTICLE:5,
    AUTHOR="Ashish Vaswani and Llion Jones and Noam Shazeer and Aidan N. Gomez and Illia Polsukhin and Niki Parmar and Lukasz Kaiser and Jakob Uszkoreit",
    TITLE="Attention Is All You Need",
    YEAR="2017",
}


@MISC{WEBSITE:15,
	HOWPUBLISHED = "\url{https://www.techtarget.com/searchenterpriseai/feature/5-examples-of-effective-NLP-in-customer-service}",
	AUTHOR = "TechTarget",
	TITLE = "5 examples of effective NLP in customer service",
	MONTH = "2",
	YEAR = "2021",
	URLDATE = {2023-07-03}
}

@MISC{WEBSITE:16,
	HOWPUBLISHED = "\url{https://old.tacosdedatos.com/analisis-texto}",
	AUTHOR = "Tacos de datos",
	TITLE = "Introducción al análisis de texto",
	MONTH = "8",
	YEAR = "2020",
	URLDATE = {2023-07-07}
}

@MISC{WEBSITE:17,
	HOWPUBLISHED = "\url{https://www.freecodecamp.org/news/how-to-process-textual-data-using-tf-idf-in-python-cd2bbc0a94a3/}",
	AUTHOR = "freeCodeCamp",
	TITLE = "How to process textual data using TF-IDF in Python",
	MONTH = "6",
	YEAR = "2018",
	URLDATE = {2023-07-08}
}

@MISC{WEBSITE:18,
	HOWPUBLISHED = "\url{https://www.freecodecamp.org/espanol/news/como-funcionan-los-clasificadores-naive-bayes-con-ejemplos-de-codigo-de-python/}",
	AUTHOR = "freeCodeCamp",
	TITLE = "Cómo funcionan los clasificadores Naive Bayes: con ejemplos de código de Python",
	MONTH = "4",
	YEAR = "2021",
	URLDATE = {2023-07-08}
}

@ARTICLE{ARTICLE:6,
    AUTHOR="Jason Rennie and Lawrence Shih and Jaime Teevan and David Karger",
    TITLE="Tackling the Poor Assumptions of Naive Bayes Text Classifiers",
    YEAR="2003",
}

@MISC{WEBSITE:19,
	HOWPUBLISHED = "\url{https://scikit-learn.org/stable/modules/naive_bayes.html}",
	AUTHOR = "Scikit-Learn",
	TITLE = "Complement Naive Bayes",
	MONTH = "",
	YEAR = "",
	URLDATE = {2023-07-08}
}

@MISC{WEBSITE:20,
	HOWPUBLISHED = "\url{https://www.analyticsvidhya.com/blog/2021/06/why-and-how-to-use-bert-for-nlp-text-classification/}",
	AUTHOR = "Analytics Vidhya",
	TITLE = "Why and how to use BERT for NLP Text Classification?",
	MONTH = "6",
	YEAR = "2021",
	URLDATE = {2023-07-11}
}

@MISC{WEBSITE:21,
	HOWPUBLISHED = "\url{https://www.techtarget.com/searchenterpriseai/definition/BERT-language-model}",
	AUTHOR = "TechTarget",
	TITLE = "BERT language model",
	URLDATE = {2023-07-10}
}

@MISC{WEBSITE:22,
	HOWPUBLISHED = "\url{https://espejel.substack.com/p/beto-bert-01-importacion-y-tokenizing}",
	AUTHOR = "Omar Espejel",
	TITLE = "BETO (BERT) 01 : Importación y tokenizing",
	URLDATE = {2023-07-15}
}

@MISC{WEBSITE:23,
	HOWPUBLISHED = "\url{https://www.openlayer.com/blog/post/baseline-models}",
	AUTHOR = "Openlayer",
	TITLE = "Baseline models demystified: a practical guide",
	MONTH = "6",
	YEAR = "2023",
	URLDATE = {2023-07-18}
}

@MISC{WEBSITE:24,
	HOWPUBLISHED = "\url{https://www.europeanvalley.es/noticias/aprendizaje-por-transferencia-nlp/}",
	AUTHOR = "EuropeanValley",
	TITLE = "Aprendizaje por transferencia: NLP",
	MONTH = "8",
	YEAR = "2020",
	URLDATE = {2023-07-19}
}

@ARTICLE{ARTICLE:7,
    AUTHOR="Sophie Henning and William Beluch and Alexander Fraser and Annemarie Friedrich",
    TITLE="A Survey of Methods for Addressing Class Imbalance in Deep-Learning Based Natural Language Processing",
    YEAR="2023",
}

@MISC{WEBSITE:25,
	HOWPUBLISHED = "\url{https://towardsdatascience.com/dealing-with-imbalanced-data-in-tensorflow-class-weights-60f876911f99}",
	AUTHOR = "Towards DataScience",
	TITLE = "Dealing with Imbalanced Data in TensorFlow: Class Weights",
	MONTH = "6",
	YEAR = "2021",
	URLDATE = {2023-07-22}
}

@ARTICLE{ARTICLE:8,
    AUTHOR="Jacob Devlin and Ming-Wei Chang and Kenton Lee and Kristina Toutanova",
    TITLE="BERT: Pre-training of Deep Bidirectional Transformers for Language Understanding",
    YEAR="2019",
}

@ARTICLE{ARTICLE:9,
    AUTHOR="Yang You and Sashank Reddi and Jonathan Hseu and Sanjiv Kumar and Srinadh Bhojanapalli and Xiaodang Song and James Demmel and Kurt Keutzer and Cho-Jui Hsieh",
    TITLE="Large Batch Optimization for Deep Learning: Training BERT in 76 minutes",
    YEAR="2020",
}

@MISC{WEBSITE:26,
	HOWPUBLISHED = "\url{https://towardsdatascience.com/an-intuitive-understanding-of-the-lamb-optimizer-46f8c0ae4866}",
	AUTHOR = "Towards DataScience",
	TITLE = "An intuitive understanding of the LAMB optimizer",
	MONTH = "5",
	YEAR = "2019",
	URLDATE = {2023-07-22}
}

@MISC{WEBSITE:27,
	HOWPUBLISHED = "\url{https://kubernetes.io/docs/concepts/workloads/pods/pod-lifecycle/}",
	AUTHOR = "Kubernetes",
	TITLE = "Pod Lifecycle",
	URLDATE = {2023-07-26}
}